@inproceedings{Arago:2012,
  title={Light multinary computing},
  author={Arago, Jaime},
  booktitle={Proc. SPIE},
  volume={8559},
  pages={855--906},
  year={2012}
}

@article{Piggott:2015,
  title={Inverse design and demonstration of a compact and broadband on-chip wavelength demultiplexer},
  author={Piggott, Alexander Y and Lu, Jesse and Lagoudakis, Konstantinos G and Petykiewicz, Jan and Babinec, Thomas M and Vu{\v{c}}kovi{\'c}, Jelena},
  journal={Nature Photonics},
  volume={9},
  number={6},
  pages={374--377},
  year={2015},
  publisher={Nature Research}
}

@article{Li:2014,
title = {Optital logic gates based on electro-optic modulation with Sagnac interferometer},
author = {Qiliang Li and Mengyun Zhu and Dongqiang Li and Zhen Zhang and Yizhen Wei and Miao Hu and Xuefang Zhou and Xianghond Tang},
journal = {Journal of Applied Optics},
volume = {53},
number = {21},
pages = {4708--4715},
year = {2014},
}

@article{Dokic:2016,
  title={Conventional and sub-threshold operation regimes of CMOS digital circuits},
  author={Dokic, Branko and Pajkanovic, Aleksandar},
  journal={automatika},
  volume={57},
  number={3},
  pages={782--792},
  year={2016},
  publisher={Taylor \& Francis}
}

@inproceedings{Abdeldayem:2008,
  title={Recent advances in photonic devices for optical super computing},
  author={Abdeldayem, Hossin and Frazier, Donald O and Witherow, William K and Banks, Curtis E and Penn, Benjamin G and Paley, Mark S},
  booktitle={International Workshop on Optical Supercomputing},
  pages={9--32},
  year={2008},
  organization={Springer}
}

@online{Duke:2017,
title = {Introduction to All Optical Switching},
date = {2017-07-26},
publisher = {Duke, Department of Physics},
url = {https://phy.duke.edu/introduction-all-optical-switching},
}

@online{Jain:2017,
title = {Introduction to All Optical Switching},
date = {2016-02-29},
publisher = {Extreme Tech},
url = {https://www.extremetech.com/extreme/223671-heres-why-we-dont-have-light-based-computing-just-yet},
}

@article{Bregni:2001,
  title={State of the art of optical switching technology for all-optical networks},
  author={Bregni, Stefano and Guerra, GIACOMO and Pattavina, Achille},
  journal={Communications World},
  year={2001},
  publisher={WSES Press}
}

@article{Carvalho:2013,
  title={Optical switching techniques: device development and implementation in fibre optic technology},
  author={Carvalho, Joel Pedro Peixoto de and others},
  year={2013}
}

@article{Chai:2016,
  title={Ultrafast All-Optical Switching},
  author={Chai, Zhen and Hu, Xiaoyong and Wang, Feifan and Niu, Xinxiang and Xie, Jingya and Gong, Qihuang},
  journal={Advanced Optical Materials},
  year={2016},
  publisher={Wiley Online Library}
}

@online{Intel:2016,
title = {Intel launches silicon photonics},
date = {2016-08-17},
publisher = {Intel},
url = {http://www.zdnet.com/article/intel-launches-silicon-photonics/},
}

@online{ngspice:2017,
title = {\textit{ngspice} {Circuit Simulator}},
date = {2017-08-09},
publisher = {ngspice},
url = {http://ngspice.sourceforge.net/},
}


@book{Sedra:2010,
title = {Microelectronic {Circuits}},
edition = {6},
author = {Adel S. Sedra and Kenneth C. Smith},
year = {2010},
publisher = {Oxford University Press},
}

@book{Schneider:2010,
title = {{CMOS} Analog Design Using All-Region {MOSFET} modeling},
edition = {1},
author = {Marcio Cherem Schneider and Carlos Galup-Montoro},
year = {2010},
publisher = {Cambridge University Press},
}

@INPROCEEDINGS{Pajkanovic:2012,
author={A. Pajkanovic and T. J. Kazmierski and B. Dokic},
booktitle={Proceeding of the 2012 Forum on Specification and Design Languages},
title={Minimum energy point of sub-threshold operated pass-transistor circuits},
year={2012},
pages={202-207},
month={Sept},}
